<?xml version="1.0" encoding="UTF-8"?><collection xmlns="http://www.loc.gov/MARC21/slim"><record><leader>00325nam--2200109-i-4500</leader><controlfield tag="001">000018493</controlfield><controlfield tag="002">20161230</controlfield><controlfield tag="005">20161230201032</controlfield><controlfield tag="008">060222s1000------------r-----000-0-eng-d</controlfield><datafield ind1=" " ind2=" " tag="245"><subfield code="a">Forschrittsberichte zur gas-chromatographie 1959.herausgegeben von hans georg struppe</subfield></datafield><datafield ind1=" " ind2=" " tag="260"><subfield code="a">Berlin, Akademie-verlag, 1961. 271 P</subfield></datafield><datafield ind1=" " ind2=" " tag="852"><subfield code="a">3894</subfield></datafield></record></collection>